<?xml version="1.0" encoding="UTF-8"?>
<record xmlns="http://www.loc.gov/MARC21/slim">
   <leader>01801cam a2200349 a 4500</leader>
   <controlfield tag="001">314804</controlfield>
   <controlfield tag="003">NjP</controlfield>
   <controlfield tag="005">20190705140132.0</controlfield>
   <controlfield tag="008">860701s1932    mr           f000 0 ara d</controlfield>
   <datafield tag="024" ind1="7" ind2=" ">
      <subfield code="a">princeton_aco003692</subfield>
      <subfield code="2">local</subfield>
   </datafield>
   <datafield ind1=" " ind2=" " tag="040">
      <subfield code="a">PUL</subfield>
      <subfield code="c">PUL</subfield>
      <subfield code="d">PUL</subfield>
   </datafield>
   <datafield ind1=" " ind2=" " tag="066">
      <subfield code="c">(3</subfield>
   </datafield>
   <datafield ind1=" " ind2=" " tag="035">
      <subfield code="a">(CStRLIN)NJPG86-B26710</subfield>
   </datafield>
   <datafield ind1=" " ind2=" " tag="035">
      <subfield code="9">ABP0103TS</subfield>
   </datafield>
   <datafield ind1=" " ind2=" " tag="035">
      <subfield code="a">(NjP)314804</subfield>
   </datafield>
   <datafield ind1=" " ind2=" " tag="049">
      <subfield code="a">PULL</subfield>
   </datafield>
   <datafield ind1=" " ind2=" " tag="035">
      <subfield code="a">(OCoLC)ocm80925118</subfield>
   </datafield>
   <datafield ind1="1" ind2=" " tag="110">
      <subfield code="a">Morocco.</subfield>
      <subfield code="0">http://id.loc.gov/authorities/names/n79069715</subfield>
   </datafield>
   <datafield ind1="1" ind2="0" tag="245">
      <subfield code="6">880-01</subfield>
      <subfield code="a">Ẓahīr wa-manshūr min Wizārat al-ʻAdlīyah al-sharīfah fī shaʼn al-ʻamal bi-ḍābiṭ al-ujūr al-mustakhlaṣah ʻan al-rusūm bi-maḥākim quḍāt al-iyālah al-sharīfah.</subfield>
   </datafield>
   <datafield ind1=" " ind2=" " tag="260">
      <subfield code="6">880-02</subfield>
      <subfield code="a">al-Ribāṭ :</subfield>
      <subfield code="b">al-Maṭbaʻah al-Rasmīyah,</subfield>
      <subfield code="c">1932.</subfield>
   </datafield>
   <datafield ind1=" " ind2=" " tag="300">
      <subfield code="a">13, 12 p. ;</subfield>
      <subfield code="c">25 cm.</subfield>
   </datafield>
   <datafield ind1=" " ind2=" " tag="500">
      <subfield code="a">Title on added t.p.: Dahir et circulaire du Vizir de la Justice relatifs à l'application du tarif des frais d'actes dans les Mahakmas de Cadis de l'Empire Cherifien.</subfield>
   </datafield>
   <datafield ind1=" " ind2="0" tag="650">
      <subfield code="a">Court administration</subfield>
      <subfield code="z">Morocco.</subfield>
   </datafield>
   <datafield ind1=" " ind2="0" tag="650">
      <subfield code="a">Costs (Law)</subfield>
      <subfield code="z">Morocco.</subfield>
   </datafield>
   <datafield ind1="1" ind2=" " tag="710">
      <subfield code="a">Morocco.</subfield>
      <subfield code="b">Wizārat al-ʻAdl.</subfield>
      <subfield code="0">http://id.loc.gov/authorities/names/n83022221</subfield>
   </datafield>
   <datafield ind1="0" ind2=" " tag="740">
      <subfield code="a">Dahir et circulaire du Vizir de la Justice relatifs à l'application du tarif des frais d'actes dans les Mahakmas de Cadis de l'Empire Cherifien.</subfield>
   </datafield>
   <datafield ind1="1" ind2="0" tag="880">
      <subfield code="6">245-01/(3/r</subfield>
      <subfield code="a">ظهير ومنشور من وزارة العدلية الشريفة في شأن العمل بضابط الاجور المستخلصة عن الرسوم بمحاكم قضات الايالة الشريفة.</subfield>
   </datafield>
   <datafield ind1=" " ind2=" " tag="880">
      <subfield code="6">260-02/(3/r</subfield>
      <subfield code="a">الرباط :</subfield>
      <subfield code="b">المطبعة الرسمية،</subfield>
      <subfield code="c">1932.</subfield>
   </datafield>
   <datafield ind1=" " ind2=" " tag="998">
      <subfield code="a">07/25/88</subfield>
      <subfield code="s">9118</subfield>
      <subfield code="n">NjP</subfield>
      <subfield code="w">NJPG86B26710</subfield>
      <subfield code="d">07/01/86</subfield>
      <subfield code="c">DGH</subfield>
      <subfield code="b">DGH</subfield>
      <subfield code="i">880725</subfield>
      <subfield code="l">NJPG</subfield>
   </datafield>
   <datafield ind1=" " ind2=" " tag="911">
      <subfield code="a">19921028</subfield>
   </datafield>
   <datafield ind1=" " ind2=" " tag="912">
      <subfield code="a">19900827000000.0</subfield>
   </datafield>
   <datafield ind1=" " ind2=" " tag="994">
      <subfield code="a">C0</subfield>
      <subfield code="b">PUL</subfield>
   </datafield>
   <datafield ind1=" " ind2=" " tag="999">
      <subfield code="a">314804</subfield>
   </datafield>
   <datafield ind1=" " ind2=" " tag="979">
      <subfield code="a">(OCoLC)ocn175675411</subfield>
   </datafield>
   <datafield ind1="8" ind2="0" tag="852">
      <subfield code="0">344418</subfield>
      <subfield code="b">rcppa</subfield>
      <subfield code="t">1</subfield>
      <subfield code="h">KRB</subfield>
      <subfield code="i">.M67 1933</subfield>
      <subfield code="x">tr fr arab</subfield>
   </datafield>
   <datafield ind1=" " ind2=" " tag="959">
      <subfield code="a">2000-06-13 00:00:00 -0400</subfield>
   </datafield>
</record>
